%% This BibTeX bibliography file was created using BibDesk.
%% http://bibdesk.sourceforge.net/


%% Created for GambiTemp at 2022-04-07 09:30:51 +0200 


%% Saved with string encoding Unicode (UTF-8) 


@string{academic = {Academic Press}}

@string{acmmathsoft = {{ACM} Trans. Math. Software}}

@string{acmpress = {{ACM} Press}}

@string{adamhilger = {Adam Hilger}}

@string{addisonwesley = {Addison-Wesley}}

@string{allynbacon = {Allyn and Bacon}}

@string{amermathmonthly = {Amer. Math. Monthly}}

@string{amersocio = {American Journal of Sociology}}

@string{amerstatassoc = {J. Amer. Statist. Assoc.}}

@string{ams = {American Mathematical Society}}

@string{amstrans = {Amer. Math. Soc. Transl.}}

@string{applmathcomp = {Appl. Math. Comput.}}

@string{birkhauser = {Birkha{\"u}ser}}

@string{bit = {{BIT}}}

@string{britstatpsych = {Brit. J. Math. Statist. Psych.}}

@string{bullams = {Bull. Amer. Math. Soc.}}

@string{cacm = {Commun. {ACM}}}

@string{cambridgepress = {Cambridge University Press}}

@string{canmathbull = {Canad. Math. Bull.}}

@string{chelsea = {Chelsea}}

@string{claredonpress = {Claredon Press}}

@string{compapplmath = {J. Comput. Appl. Math.}}

@string{compjour = {Comput. J.}}

@string{compphys = {J. Comput. Phys.}}

@string{compserv = {Comput. Surveys}}

@string{compstruct = {Comput. \& Structures}}

@string{compsyssci = {J. Comput. System Sci.}}

@string{computer = {{IEEE} Computer}}

@string{computing = {Computing}}

@string{contempmath = {Contemp. Math.}}

@string{crelle = {Crelle's Journal}}

@string{doverpub = {Dover Publications}}

@string{eyolles = {Eyolles}}

@string{giornalemath = {Giorn. Mat.}}

@string{holtrinehartwinston = {Holt, Rinehart and Winston}}

@string{ieeespec = {{IEEE} Spectrum}}

@string{ieeetransac = {{IEEE} Trans. Automat. Control}}

@string{ieeetransaeroelec = {{IEEE} Trans. Aerospace Electron. Systems}}

@string{ieeetranscomp = {{IEEE} Trans. Comput.}}

@string{imanumerana = {{IMA} J. Numer. Anal.}}

@string{infproclet = {Inform. Process. Lett.}}

@string{instmathapp = {J. Inst. Math. Appl.}}

@string{intcontrol = {Internat. J. Control}}

@string{interscience = {Interscience}}

@string{intnumereng = {Internat. J. Numer. Methods Engrg.}}

@string{intsuper = {Internat. J. Supercomputing Applic.}}

@string{jacm = {J. ACM}}

@string{johnshopkinspress = {The Johns Hopkins University Press}}

@string{johnwileysons = {John Wiley and Sons}}

@string{jresnatburstand = {J. Res. Nat. Bur. Standards}}

@string{jsiam = {J. Soc. Indust. Appl. Math.}}

@string{jsiamb = {J. Soc. Indust. Appl. Math. Ser. B Numer. Anal.}}

@string{kibernetika = {Kibernetika}}

@string{linalgapp = {Linear Algebra Appl.}}

@string{macmillan = {Macmillan}}

@string{mathanaappl = {J. Math. Anal. Appl.}}

@string{mathannalen = {Math. Ann.}}

@string{mathcomp = {Math. Comp.}}

@string{mathphys = {J. Math. Phys.}}

@string{mathscand = {Math. Scand.}}

@string{mathworks = {The Math Works Inc.}}

@string{mcgrawhill = {McGraw-Hill}}

@string{natburstd = {National Bureau of Standards}}

@string{northholland = {North-Holland}}

@string{numermath = {Numer. Math.}}

@string{oxfordpress = {Oxford University Press}}

@string{pacificmath = {Pacific J. Math.}}

@string{parcomputing = {Parallel Comput.}}

@string{pardistcomp = {J. Parallel and Distrib. Comput.}}

@string{pergamonpress = {Pergamon Press}}

@string{philmag = {Philos. Mag.}}

@string{plenumpress = {Plenum Press}}

@string{prenticehall = {Prentice-Hall}}

@string{procams = {Proc. Amer. Math. Soc.}}

@string{procieee = {Proc. {IEEE}}}

@string{procnas = {Proc. Nat. Acad. Sci. U. S. A.}}

@string{psychometrika = {Psychometrika}}

@string{quartapplmath = {Quart. Appl. Math.}}

@string{quartmath = {Quart. J. Math. Oxford Ser. (2)}}

@string{revueinststat = {Rev. Inst. Internat. Statist.}}

@string{siamalgmeth = {{SIAM} J. Algebraic Discrete Methods}}

@string{siamappmath = {{SIAM} J. Appl. Math.}}

@string{siamcomp = {{SIAM} J. Comput.}}

@string{siammatrix = {{SIAM} J. Matrix Anal. Appl.}}

@string{siamnumanal = {{SIAM} J. Numer. Anal.}}

@string{siampub = {{SIAM} Publications}}

@string{siamreview = {{SIAM} Rev.}}

@string{siamscistat = {{SIAM} J. Sci. Statist. Comput.}}

@string{signum = {{ACM} {SIGNUM} Newslett.}}

@string{softpracexp = {Software Prac. Experience}}

@string{springer = {Springer-Verlag}}

@string{statscience = {Statist. Sci.}}

@string{tablesaidscomp = {Math. Tables Aids Comput.}}

@string{techno = {Technometrics}}

@string{texaspress = {University of Texas Press}}

@string{transams = {Trans. Amer. Math. Soc.}}

@string{ussrcompmathphys = {{U. S. S. R.} Comput. Math. and Math. Phys.}}

@string{vannostrand = {Van Nostrand}}

@string{vlsicompsys = {J. {VLSI} Comput. Syst.}}

@string{whfreeman = {W. H. Freeman and Co.}}

@string{zangewmathmech = {Z. Angew. Math. Mech.}}

@string{zangewmathphys = {Z. Angew. Math. Phys.}}

@article{DBLP:journals/corr/abs-2106-07520,
  author    = {Xavier Devroey and
               Alessio Gambi and
               Juan Pablo Galeotti and
               Ren{\'{e}} Just and
               Fitsum Meshesha Kifetew and
               Annibale Panichella and
               Sebastiano Panichella},
  title     = {{JUGE:} An Infrastructure for Benchmarking Java Unit Test Generators},
  journal   = {CoRR},
  volume    = {abs/2106.07520},
  year      = {2021},
  url       = {https://arxiv.org/abs/2106.07520},
  eprinttype = {arXiv},
  eprint    = {2106.07520},
  timestamp = {Wed, 16 Jun 2021 10:42:19 +0200},
  biburl    = {https://dblp.org/rec/journals/corr/abs-2106-07520.bib},
  bibsource = {dblp computer science bibliography, https://dblp.org}
}

@inproceedings{DBLP:conf/icse/Fan19,
  author    = {Zhiyu Fan},
  editor    = {Joanne M. Atlee and
               Tevfik Bultan and
               Jon Whittle},
  title     = {A systematic evaluation of problematic tests generated by EvoSuite},
  booktitle = {Proceedings of the 41st International Conference on Software Engineering:
               Companion Proceedings, {ICSE} 2019, Montreal, QC, Canada, May 25-31,
               2019},
  pages     = {165--167},
  publisher = {{IEEE} / {ACM}},
  year      = {2019},
  url       = {https://doi.org/10.1109/ICSE-Companion.2019.00068},
  doi       = {10.1109/ICSE-Companion.2019.00068},
  timestamp = {Tue, 24 May 2022 15:28:49 +0200},
  biburl    = {https://dblp.org/rec/conf/icse/Fan19.bib},
  bibsource = {dblp computer science bibliography, https://dblp.org}
}

@misc{pit,
        author = {Henry Coles},
        howpublished = {\url{https://pitest.org}},
        title = {PIT - Real world mutation testing}
}

@misc{commons,
        author = {{Apache Software Foundation}},
        howpublished = {\url{http://commons.apache.org/}},
        title = {{Apache Commons}}
}

@misc{maven,
	author = {{Apache Software Foundation}},
	howpublished = {\url{https://maven.apache.org/}},
	title = {{Apache Maven}}
}


@inproceedings{devroey2020java,
  author    = {Xavier Devroey and
               Sebastiano Panichella and
               Alessio Gambi},
  title     = {Java Unit Testing Tool Competition: Eighth Round},
  booktitle = {{ICSE} '20: 42nd International Conference on Software Engineering,
               Workshops, Seoul, Republic of Korea, 27 June - 19 July, 2020},
  pages     = {545--548},
  publisher = {{ACM}},
  year      = {2020},
  url       = {https://doi.org/10.1145/3387940.3392265},
  doi       = {10.1145/3387940.3392265},
  timestamp = {Thu, 14 Oct 2021 10:18:30 +0200},
  biburl    = {https://dblp.org/rec/conf/icse/DevroeyPG20.bib},
  bibsource = {dblp computer science bibliography, https://dblp.org}
}

@inproceedings{DBLP:conf/sbst/GambiJRZ22,
  author    = {Alessio Gambi and
               Gunel Jahangirova and
               Vincenzo Riccio and
               Fiorella Zampetti},
  title     = {{SBST} Tool Competition 2022},
  booktitle = {15th {IEEE/ACM} International Workshop on Search-Based Software Testing,
               SBST@ICSE 2022, Pittsburgh, PA, USA, May 9, 2022},
  pages     = {25--32},
  publisher = {{IEEE}},
  year      = {2022},
  url       = {https://doi.org/10.1145/3526072.3527538},
  doi       = {10.1145/3526072.3527538},
  timestamp = {Fri, 15 Jul 2022 11:16:43 +0200},
  biburl    = {https://dblp.org/rec/conf/sbst/GambiJRZ22.bib},
  bibsource = {dblp computer science bibliography, https://dblp.org}
}

@inproceedings{panichella2021sbst,
  author    = {Sebastiano Panichella and
               Alessio Gambi and
               Fiorella Zampetti and
               Vincenzo Riccio},
  title     = {{SBST} Tool Competition 2021},
  booktitle = {14th {IEEE/ACM} International Workshop on Search-Based Software Testing,
               {SBST} 2021, Madrid, Spain, May 31, 2021},
  pages     = {20--27},
  publisher = {{IEEE}},
  year      = {2021},
  url       = {https://doi.org/10.1109/SBST52555.2021.00011},
  doi       = {10.1109/SBST52555.2021.00011},
  timestamp = {Tue, 03 Aug 2021 15:18:49 +0200},
  biburl    = {https://dblp.org/rec/conf/sbst/PanichellaGZR21.bib},
  bibsource = {dblp computer science bibliography, https://dblp.org}
}

@article{rice1953classes,
	author = {Rice, Henry Gordon},
	journal = {Transactions of the American Mathematical Society},
	number = {2},
	pages = {358--366},
	publisher = {JSTOR},
	title = {Classes of recursively enumerable sets and their decision problems},
	volume = {74},
	year = {1953}}

@article{goodenough1977toward,
	author = {Goodenough, John B and Gerhart, Susan L},
	journal = {Current trends in programming methodology},
	number = {2},
	pages = {44--79},
	publisher = {Prentice-Hall},
	title = {Toward a theory of testing: Data selection criteria},
	volume = {2},
	year = {1977}}

@article{burnham1978estimation,
	author = {K. P. Burnham and W. S. Overton},
	issn = {00063444},
	journal = {Biometrika},
	number = {3},
	pages = {625--633},
	publisher = {[Oxford University Press, Biometrika Trust]},
	title = {Estimation of the Size of a Closed Population when Capture Probabilities vary Among Animals},
	url = {http://www.jstor.org/stable/2335915},
	volume = {65},
	year = {1978},
	Bdsk-Url-1 = {http://www.jstor.org/stable/2335915}}

@article{burnham1979robust,
	author = {K. P. Burnham and W. S. Overton},
	issn = {00129658, 19399170},
	journal = {Ecology},
	number = {5},
	pages = {927--936},
	publisher = {Ecological Society of America},
	title = {Robust Estimation of Population Size When Capture Probabilities Vary Among Animals},
	url = {http://www.jstor.org/stable/1936861},
	volume = {60},
	year = {1979},
	Bdsk-Url-1 = {http://www.jstor.org/stable/1936861}}

@phdthesis{acree1980mutation,
	address = {Atlanta, Georgia},
	author = {Acree Jr, Allen Troy},
	note = {GIT-ICS-80/12},
	school = {Georgia Institute of Technology},
	title = {On Mutation},
	year = {1980}}

@article{budd1982two,
	author = {Budd, Timothy A and Angluin, Dana},
	journal = {Acta informatica},
	number = {1},
	pages = {31--45},
	publisher = {Springer},
	title = {Two notions of correctness and their relation to testing},
	volume = {18},
	year = {1982}}

@article{chao1984nonparametric,
	author = {Chao, Anne},
	journal = {Scandinavian Journal of statistics},
	pages = {265--270},
	publisher = {JSTOR},
	title = {Nonparametric estimation of the number of classes in a population},
	year = {1984}}

@article{smith1984nonparametric,
	author = {Eric P. Smith and Gerald van Belle},
	issn = {0006341X, 15410420},
	journal = {Biometrics},
	number = {1},
	pages = {119--129},
	publisher = {[Wiley, International Biometric Society]},
	title = {Nonparametric Estimation of Species Richness},
	url = {http://www.jstor.org/stable/2530750},
	volume = {40},
	year = {1984},
	Bdsk-Url-1 = {http://www.jstor.org/stable/2530750}}

@article{chao1987estimating,
	author = {Anne Chao},
	issn = {0006341X, 15410420},
	journal = {Biometrics},
	number = {4},
	pages = {783--791},
	publisher = {[Wiley, International Biometric Society]},
	title = {Estimating the Population Size for Capture-Recapture Data with Unequal Catchability},
	url = {http://www.jstor.org/stable/2531532},
	volume = {43},
	year = {1987},
	Bdsk-Url-1 = {http://www.jstor.org/stable/2531532}}

@article{tohma1989structural,
	author = {Tohma, Yoshihiro and Tokunaga, Kenshin and Nagase, Shinji and Murata, Yukihisa},
	journal = {IEEE transactions on software engineering},
	number = {3},
	pages = {345--355},
	publisher = {IEEE},
	title = {Structural approach to the estimation of the number of residual software faults based on the hyper-geometric distribution},
	volume = {15},
	year = {1989}}

@article{nayak1988estimating,
	author = {Nayak, Tapan},
	doi = {10.2307/2336441},
	journal = {Biometrika},
	month = {03},
	title = {Estimating Population Size by Recapture Sampling},
	volume = {75},
	year = {1988},
	Bdsk-Url-1 = {https://doi.org/10.2307/2336441}}

@article{offutt1994using,
	author = {Offutt, A. Jefferson and Craft, W. Michael},
	doi = {10.1002/stvr.4370040303},
	eprint = {https://onlinelibrary.wiley.com/doi/pdf/10.1002/stvr.4370040303},
	journal = {Software Testing, Verification and Reliability},
	keywords = {Compiler optimizations, Software testing, Mutation testing, Experimental software engineering},
	number = {3},
	pages = {131-154},
	title = {Using compiler optimization techniques to detect equivalent mutants},
	url = {https://onlinelibrary.wiley.com/doi/abs/10.1002/stvr.4370040303},
	volume = {4},
	year = {1994},
	Bdsk-Url-1 = {https://onlinelibrary.wiley.com/doi/abs/10.1002/stvr.4370040303},
	Bdsk-Url-2 = {https://doi.org/10.1002/stvr.4370040303}}

@article{offutt1996subsumption,
	author = {Offutt, A Jefferson and Voas, Jeffrey M},
	journal = {Department of Information and Software Systems Engineering, George Mason University, Tech. Rep. ISSE-TR-96-100},
	publisher = {Citeseer},
	title = {Subsumption of condition coverage techniques by mutation testing},
	year = {1996}}

@article{daran1996software,
	author = {Daran, Murial and Th{\'e}venod-Fosse, Pascale},
	journal = {ACM SIGSOFT Software Engineering Notes},
	number = {3},
	pages = {158--171},
	publisher = {ACM New York, NY, USA},
	title = {Software error analysis: A real case study involving real faults and mutations},
	volume = {21},
	year = {1996}}

@book{voas1997software,
	address = {USA},
	author = {Voas, Jeffrey M. and McGraw, Gary},
	isbn = {0471183814},
	publisher = {John Wiley \& Sons, Inc.},
	title = {Software Fault Injection: Inoculating Programs against Errors},
	year = {1997}}

@article{offutt1997automatically,
	author = {Offutt, A Jefferson and Pan, Jie},
	journal = {Software testing, verification and reliability},
	number = {3},
	pages = {165--192},
	publisher = {Wiley Online Library},
	title = {Automatically detecting equivalent mutants and infeasible paths},
	volume = {7},
	year = {1997}}

@article{zhu1997software,
	author = {Zhu, Hong and Hall, Patrick AV and May, John HR},
	journal = {Acm computing surveys (csur)},
	number = {4},
	pages = {366--427},
	publisher = {ACM New York, NY, USA},
	title = {Software unit test coverage and adequacy},
	volume = {29},
	year = {1997}}

@article{hierons1999using,
	author = {Hierons, Rob and Harman, Mark and Danicic, Sebastian},
	journal = {Software Testing, Verification and Reliability},
	number = {4},
	pages = {233--262},
	publisher = {Wiley Online Library},
	title = {Using program slicing to assist in the detection of equivalent mutants},
	volume = {9},
	year = {1999}}

@article{vincenzi2002bayesian,
	author = {Vincenzi, Auri and Nakagawa, Elisa and Maldonado, Jos{\'e} and Delamaro, M{\'a}rcio and Romero, Roseli},
	doi = {10.1142/S021819400200113X},
	journal = {International Journal of Software Engineering and Knowledge Engineering},
	month = {12},
	pages = {675-689},
	title = {Bayesian-Learning Based Guidelines to Determine Equivalent Mutants.},
	volume = {12},
	year = {2002},
	Bdsk-Url-1 = {https://doi.org/10.1142/S021819400200113X}}

@inproceedings{andrews2005is,
	author = {Andrews, James H and Briand, Lionel C and Labiche, Yvan},
	booktitle = {Proceedings of the 27th international conference on Software engineering},
	pages = {402--411},
	title = {Is mutation an appropriate tool for testing experiments?},
	year = {2005}}

@article{andrews2006using,
	author = {Andrews, James H and Briand, Lionel C and Labiche, Yvan and Namin, Akbar Siami},
	journal = {IEEE Transactions on Software Engineering},
	number = {8},
	pages = {608--624},
	publisher = {IEEE},
	title = {Using mutation analysis for assessing and comparing testing coverage criteria},
	volume = {32},
	year = {2006}}

@article{hortal2006evaluating,
	author = {Hortal, Joaqu{\'\i}n and Borges, Paulo AV and Gaspar, Clara},
	journal = {Journal of animal ecology},
	number = {1},
	pages = {274--287},
	publisher = {Wiley Online Library},
	title = {Evaluating the performance of species richness estimators: sensitivity to sample grain size},
	volume = {75},
	year = {2006}}

@inproceedings{ellims2007csaw,
	author = {Ellims, Michael and Ince, Darrel and Petre, Marian},
	booktitle = {Testing: Academic and Industrial Conference Practice and Research Techniques-MUTATION (TAICPART-MUTATION 2007)},
	notes = {Using semantic differences in terms of running profile to detect non-equivalent mutants, use external visible effects of mutants: CPU usage, memory usage.... -- theoretical},
	organization = {IEEE},
	pages = {185--192},
	title = {The Csaw C mutation tool: Initial results},
	year = {2007}}

@inproceedings{pacheco2007randoop,
	author = {Pacheco, Carlos and Ernst, Michael D},
	booktitle = {Companion to the 22nd ACM SIGPLAN conference on Object-oriented programming systems and applications companion},
	pages = {815--816},
	title = {Randoop: feedback-directed random testing for Java},
	year = {2007}}

@inproceedings{grun2009impact,
	author = {Gr{\"u}n, Bernhard JM and Schuler, David and Zeller, Andreas},
	booktitle = {2009 International Conference on Software Testing, Verification, and Validation Workshops},
	organization = {IEEE},
	pages = {192--199},
	title = {The impact of equivalent mutants},
	year = {2009}}

@article{jia2010an,
	author = {Jia, Yue and Harman, Mark},
	journal = {IEEE transactions on software engineering},
	number = {5},
	pages = {649--678},
	publisher = {IEEE},
	title = {An analysis and survey of the development of mutation testing},
	volume = {37},
	year = {2010}}

@inproceedings{schuler2010covering,
	author = {Schuler, David and Zeller, Andreas},
	booktitle = {2010 Third International Conference on Software Testing, Verification and Validation},
	organization = {IEEE},
	pages = {45--54},
	title = {(Un-) covering equivalent mutants},
	year = {2010}}

@article{gotelli2011estimating,
	author = {Gotelli, Nicholas J and Colwell, Robert K},
	journal = {Biological diversity: frontiers in measurement and assessment},
	pages = {39--54},
	title = {Estimating species richness},
	volume = {12},
	year = {2011}}

@inproceedings{fraser2011evosuite,
	author = {Fraser, Gordon and Arcuri, Andrea},
	booktitle = {Proceedings of the 19th ACM SIGSOFT symposium and the 13th European conference on Foundations of software engineering},
	pages = {416--419},
	title = {Evosuite: automatic test suite generation for object-oriented software},
	year = {2011}}

@article{fraser2013whole,
	author = {Fraser, Gordon and Arcuri, Andrea},
	date-added = {2018-05-07 14:04:14 +0000},
	date-modified = {2018-05-07 14:04:14 +0000},
	journal = {TSE},
	number = {2},
	pages = {276--291},
	publisher = {IEEE},
	title = {Whole test suite generation},
	volume = {39},
	year = {2013}}

@article{just2013using,
	archiveprefix = {arXiv},
	author = {Ren{\'{e}} Just and Michael D. Ernst and Gordon Fraser},
	bibsource = {dblp computer science bibliography, https://dblp.org},
	biburl = {https://dblp.org/rec/journals/corr/abs-1303-2784.bib},
	eprint = {1303.2784},
	journal = {CoRR},
	timestamp = {Mon, 13 Aug 2018 16:49:02 +0200},
	title = {Using State Infection Conditions to Detect Equivalent Mutants and Speed up Mutation Analysis},
	url = {http://arxiv.org/abs/1303.2784},
	volume = {abs/1303.2784},
	year = {2013},
	Bdsk-Url-1 = {http://arxiv.org/abs/1303.2784}}

@article{schuler2013covering,
	author = {Schuler, David and Zeller, Andreas},
	journal = {Software Testing, Verification and Reliability},
	number = {5},
	pages = {353--374},
	publisher = {Wiley Online Library},
	title = {Covering and uncovering equivalent mutants},
	volume = {23},
	year = {2013}}

@inproceedings{yao2014a,
	author = {Yao, Xiangjuan and Harman, Mark and Jia, Yue},
	booktitle = {Proceedings of the 36th International Conference on Software Engineering},
	pages = {919--930},
	title = {A study of equivalent and stubborn mutation operators using human analysis of equivalence},
	year = {2014}}

@inproceedings{just2014are,
	author = {Just, Ren{\'e} and Jalali, Darioush and Inozemtseva, Laura and Ernst, Michael D and Holmes, Reid and Fraser, Gordon},
	booktitle = {Proceedings of the 22nd ACM SIGSOFT International Symposium on Foundations of Software Engineering},
	pages = {654--665},
	title = {Are mutants a valid substitute for real faults in software testing?},
	year = {2014}}

@article{madeyski2014overcoming,
	author = {L. {Madeyski} and W. {Orzeszyna} and R. {Torkar} and M. {J{\'o}zala}},
	journal = {IEEE Transactions on Software Engineering},
	number = {1},
	pages = {23-42},
	title = {Overcoming the Equivalent Mutant Problem: A Systematic Literature Review and a Comparative Experiment of Second Order Mutation},
	volume = {40},
	year = {2014}}

@inproceedings{papadakis2015trivial,
	author = {Papadakis, Mike and Jia, Yue and Harman, Mark and Le Traon, Yves},
	booktitle = {2015 IEEE/ACM 37th IEEE International Conference on Software Engineering},
	organization = {IEEE},
	pages = {936--946},
	title = {Trivial compiler equivalence: A large scale empirical study of a simple, fast and effective equivalent mutant detection technique},
	volume = {1},
	year = {2015}}

@article{accettura2015the,
	author = {Accettura, Nicola and Neglia, Giovanni and Grieco, Luigi Alfredo},
	journal = {Computer Networks},
	pages = {107--122},
	publisher = {Elsevier},
	title = {The Capture-Recapture approach for population estimation in computer networks},
	volume = {89},
	year = {2015}}

@inproceedings{ahmed2016can,
	author = {Ahmed, Iftekhar and Gopinath, Rahul and Brindescu, Caius and Groce, Alex and Jensen, Carlos},
	booktitle = {Proceedings of the 2016 24th ACM SIGSOFT International Symposium on Foundations of Software Engineering},
	pages = {547--558},
	title = {Can testedness be effectively measured?},
	year = {2016}}

@inproceedings{tengeri2016relating,
	author = {David Tengeri and Laszlo Vidacs and Arpad Beszedes and Judit Jasz and Gergo Balogh and Bela Vancsics and Tibor Gyimothy},
	booktitle = {2016 {IEEE} Ninth International Conference on Software Testing, Verification and Validation Workshops ({ICSTW})},
	doi = {10.1109/icstw.2016.25},
	month = {apr},
	publisher = {{IEEE}},
	title = {Relating Code Coverage, Mutation Score and Test Suite Reducibility to Defect Density},
	url = {https://doi.org/10.1109%2Ficstw.2016.25},
	year = 2016,
	Bdsk-Url-1 = {https://doi.org/10.1109%2Ficstw.2016.25},
	Bdsk-Url-2 = {https://doi.org/10.1109/icstw.2016.25}}

@inproceedings{rojas2016code,
	author = {Rojas, Jos{\'e} Miguel and Fraser, Gordon},
	booktitle = {2016 IEEE Ninth International Conference on Software Testing, Verification and Validation Workshops (ICSTW)},
	organization = {IEEE},
	pages = {162--167},
	title = {Code defenders: a mutation testing game},
	year = {2016}}

@inbook{chao2016nonparametric,
	author = {Chao, Anne and Chiu, Chun-Huo},
	booktitle = {eLS},
	doi = {10.1002/9780470015902.a0026329},
	eprint = {https://onlinelibrary.wiley.com/doi/pdf/10.1002/9780470015902.a0026329},
	isbn = {9780470015902},
	pages = {1-11},
	publisher = {American Cancer Society},
	title = {Nonparametric Estimation and Comparison of Species Richness},
	url = {https://onlinelibrary.wiley.com/doi/abs/10.1002/9780470015902.a0026329},
	year = {2016},
	Bdsk-Url-1 = {https://onlinelibrary.wiley.com/doi/abs/10.1002/9780470015902.a0026329},
	Bdsk-Url-2 = {https://doi.org/10.1002/9780470015902.a0026329}}

@article{chao2016species,
  title={Species richness: estimation and comparison},
  author={Chao, Anne and Chiu, Chun-Huo},
  journal={Wiley StatsRef: statistics reference online},
  volume={1},
  pages={26},
  year={2016},
  publisher={American Cancer Society}
}

@article{kintis2017detecting,
	author = {Kintis, Marinos and Papadakis, Mike and Jia, Yue and Malevris, Nicos and Le Traon, Yves and Harman, Mark},
	journal = {IEEE Transactions on Software Engineering},
	number = {4},
	pages = {308--333},
	publisher = {IEEE},
	title = {Detecting trivial mutant equivalences via compiler optimisations},
	volume = {44},
	year = {2017}}

@inproceedings{houshmand2017tce,
	author = {Houshmand, Mahdi and Paydar, Samad},
	booktitle = {International Conference on Fundamentals of Software Engineering},
	organization = {Springer},
	pages = {164--179},
	title = {TCE+: An extension of the tce method for detecting equivalent mutants in java programs},
	year = {2017}}

@inproceedings{gopinath2017the,
	author = {Gopinath, Rahul and and Jensen, Carlos and Groce, Alex},
	booktitle = {Software Testing, Verification and Validation (ICST), 2017 IEEE Eighth International Conference on},
	organization = {IEEE},
	title = {The Theory of Composite Faults},
	year = {2017}}

@phdthesis{gopinath2017on,
	author = {Gopinath, Rahul},
	school = {Oregon State University},
	title = {On the Limits of Mutation Analysis},
	year = {2017}}

@inproceedings{marsit2017estimating,
	author = {Imen Marsit and Mohamed Nazih Omri and Ali Mili},
	booktitle = {ICSOFT},
	title = {Estimating the Survival Rate of Mutants},
	year = {2017}}

@article{bohme2018stads,
	author = {Marcel B{\"o}hme},
	day = {1},
	doi = {10.1145/3210309},
	issn = {1049-331X},
	journal = {ACM Transactions on Software Engineering and Methodology},
	language = {English},
	month = {7},
	number = {2},
	publisher = {Association for Computing Machinery (ACM)},
	title = {{STADS}: Software testing as species discovery},
	volume = {27},
	year = {2018},
	Bdsk-Url-1 = {https://doi.org/10.1145/3210309}}

@inproceedings{papadakis2018mutation,
	author = {Papadakis, Mike and Shin, Donghwan and Yoo, Shin and Bae, Doo-Hwan},
	booktitle = {2018 IEEE/ACM 40th International Conference on Software Engineering (ICSE)},
	organization = {IEEE},
	pages = {537--548},
	title = {Are mutation scores correlated with real fault detection? a large scale empirical study on the relationship between mutants and real faults},
	year = {2018}}

@article{bohme2018assurances,
  author    = {Marcel B{\"{o}}hme},
  title     = {Assurances in Software Testing: {A} Roadmap},
  journal   = {CoRR},
  volume    = {abs/1807.10255},
  year      = {2018},
  url       = {http://arxiv.org/abs/1807.10255},
  eprinttype = {arXiv},
  eprint    = {1807.10255},
  timestamp = {Mon, 13 Aug 2018 16:46:24 +0200},
  biburl    = {https://dblp.org/rec/journals/corr/abs-1807-10255.bib},
  bibsource = {dblp computer science bibliography, https://dblp.org}
}




@inproceedings{marsit2018impact,
	author = {Marsit, Imen and Omri, Mohamed Nazih and Loh, JiMing and Mili, Ali},
	booktitle = {ICSOFT},
	pages = {55--66},
	title = {Impact of Mutation Operators on Mutant Equivalence.},
	year = {2018}}

@incollection{papadakis2019mutation,
	author = {Papadakis, Mike and Kintis, Marinos and Zhang, Jie and Jia, Yue and Le Traon, Yves and Harman, Mark},
	booktitle = {Advances in Computers},
	pages = {275--378},
	publisher = {Elsevier},
	title = {Mutation testing advances: an analysis and survey},
	volume = {112},
	year = {2019}}

@inproceedings{delgado2019study,
	author = {Delgado-P{\'e}rez, Pedro and Segura, Sergio},
	booktitle = {Proceedings of the 34th ACM/SIGAPP Symposium on Applied Computing},
	pages = {2224--2230},
	title = {Study of trivial compiler equivalence on C++ object-oriented mutation operators},
	year = {2019}}

@inproceedings{ayad2019estimating,
	author = {A. {Ayad} and I. {Marsit} and J. {Loh} and M. N. {Omri} and A. {Mili}},
	booktitle = {2019 IEEE International Conference on Software Testing, Verification and Validation Workshops (ICSTW)},
	pages = {112-121},
	title = {Estimating the Number of Equivalent Mutants},
	year = {2019}}

@inproceedings{bohme2019assurances,
	author = {B{\"o}hme, Marcel},
	booktitle = {2019 IEEE/ACM 41st International Conference on Software Engineering: New Ideas and Emerging Results (ICSE-NIER)},
	organization = {IEEE},
	pages = {5--8},
	title = {Assurances in software testing: A roadmap},
	year = {2019}}

@inproceedings{panichella2015reformulating,
	author = {Panichella, Annibale and Kifetew, Fitsum Meshesha and Tonella, Paolo},
	booktitle = {IEEE International Conference on Software Testing, Verification and Validation},
	organization = {IEEE},
	pages = {1--10},
	title = {Reformulating branch coverage as a many-objective optimization problem},
	year = {2015}}



@inproceedings{arcuri2015generating,
	author = {Andrea Arcuri and Gordon Fraser and Juan Pablo Galeotti},
	booktitle = {Proceedings of the 2015 10th Joint Meeting on Foundations of Software Engineering, {ESEC/FSE} 2015, Bergamo, Italy, August 30 - September 4, 2015},
	doi = {10.1145/2786805.2786828},
	pages = {155--165},
	publisher = {{ACM}},
	title = {Generating {TCP/UDP} network data for automated unit test generation},
	url = {https://doi.org/10.1145/2786805.2786828},
	year = {2015},
	Bdsk-Url-1 = {https://doi.org/10.1145/2786805.2786828}}


@article{arcuri2012random,
	author = {Arcuri, Andrea and Iqbal, Muhammad Zohaib and Briand, Lionel},
	date-added = {2020-05-20 15:55:40 +0200},
	date-modified = {2020-05-20 15:55:40 +0200},
	journal = {IEEE transactions on Software Engineering},
	number = {2},
	pages = {258--277},
	publisher = {IEEE},
	title = {Random testing: Theoretical results and practical implications},
	volume = {38},
	year = {2012}}

@inproceedings{petrovic2021does,
	author = {Goran Petrovic and Marko Ivankovic and Gordon Fraser and Ren{\'{e}} Just},
	bibsource = {dblp computer science bibliography, https://dblp.org},
	biburl = {https://dblp.org/rec/conf/icse/PetrovicIFJ21.bib},
	booktitle = {43rd {IEEE/ACM} International Conference on Software Engineering, {ICSE} 2021, Madrid, Spain, 22-30 May 2021},
	date-added = {2022-04-07 09:30:44 +0200},
	date-modified = {2022-04-07 09:30:44 +0200},
	doi = {10.1109/ICSE43902.2021.00087},
	pages = {910--921},
	publisher = {{IEEE}},
	timestamp = {Sun, 25 Jul 2021 11:48:45 +0200},
	title = {Does mutation testing improve testing practices?},
	url = {https://doi.org/10.1109/ICSE43902.2021.00087},
	year = {2021},
	Bdsk-Url-1 = {https://doi.org/10.1109/ICSE43902.2021.00087}}

@article{do2005supporting,
  title={Supporting controlled experimentation with testing techniques: An infrastructure and its potential impact},
  author={Do, Hyunsook and Elbaum, Sebastian and Rothermel, Gregg},
  journal={Empirical Software Engineering},
  volume={10},
  number={4},
  pages={405--435},
  year={2005},
  publisher={Springer}
}


@article{gopinath2017mutation,
  title={Mutation reduction strategies considered harmful},
  author={Gopinath, Rahul and Ahmed, Iftekhar and Alipour, Mohammad Amin and Jensen, Carlos and Groce, Alex},
  journal={IEEE Transactions on Reliability},
  volume={66},
  number={3},
  pages={854--874},
  year={2017},
  publisher={IEEE}
}

@incollection{fuzzingbook2022:MutationAnalysis,
    author = {Andreas Zeller and Rahul Gopinath and Marcel B{\"o}hme and Gordon Fraser and Christian Holler},
    booktitle = {The Fuzzing Book},
    title = {Mutation Analysis},
    year = {2022},
    publisher = {CISPA Helmholtz Center for Information Security},
    howpublished = {\url{https://www.fuzzingbook.org/html/MutationAnalysis.html}},
    note = {Retrieved 2022-01-11 09:26:37+01:00},
    url = {https://www.fuzzingbook.org/html/MutationAnalysis.html},
    urldate = {2022-01-11 09:26:37+01:00}
}


@article{bohning2010some,
  title={Some general comparative points on Chao's and Zelterman's estimators of the population size},
  author={B{\"o}hning, Dankmar},
  journal={Scandinavian Journal of Statistics},
  volume={37},
  number={2},
  pages={221--236},
  year={2010},
  publisher={Wiley Online Library}
}

@article{chao2002estimating,
  title={Estimating the number of species in a stochastic abundance model},
  author={Chao, Anne and Bunge, John},
  journal={Biometrics},
  volume={58},
  number={3},
  pages={531--539},
  year={2002},
  publisher={Wiley Online Library}
}

@article{norris1998non,
  title={Non-parametric MLE for Poisson species abundance models allowing for heterogeneity between species},
  author={Norris, James L and Pollock, Kenneth H},
  journal={Environmental and Ecological Statistics},
  volume={5},
  number={4},
  pages={391--402},
  year={1998},
  publisher={Springer}
}

@article{wang2005penalized,
  title={A penalized nonparametric maximum likelihood approach to species richness estimation},
  author={Wang, Ji-Ping Z and Lindsay, Bruce G},
  journal={Journal of the American Statistical Association},
  volume={100},
  number={471},
  pages={942--959},
  year={2005},
  publisher={Taylor \& Francis}
}

@article{wang2010estimating,
  title={Estimating species richness by a Poisson-compound gamma model},
  author={Wang, Ji-Ping},
  journal={Biometrika},
  volume={97},
  number={3},
  pages={727--740},
  year={2010},
  publisher={Oxford University Press}
}

@misc{gopinath2022mutation,
  doi = {10.48550/ARXIV.2201.11303},
  url = {https://arxiv.org/abs/2201.11303},
  author = {Gopinath, Rahul and Görz, Philipp and Groce, Alex},
  keywords = {Software Engineering (cs.SE), Cryptography and Security (cs.CR), FOS: Computer and information sciences, FOS: Computer and information sciences, D.2.5, 68-04},
  title = {Mutation Analysis: Answering the Fuzzing Challenge},
  publisher = {arXiv},
  year = {2022},
  copyright = {Creative Commons Attribution 4.0 International}
}

@misc{replication-package,
 howpublished={\url{https://anonymous.4open.science/r/chaos-replication-848B}}
}

@article{chiu2014improved,
  title={An improved nonparametric lower bound of species richness via a modified good--turing frequency formula},
  author={Chiu, Chun-Huo and Wang, Yi-Ting and Walther, Bruno A and Chao, Anne},
  journal={Biometrics},
  volume={70},
  number={3},
  pages={671--682},
  year={2014},
  publisher={Wiley Online Library}
}

@article{gotelli2013measuring,
  title={Measuring and estimating species richness, species diversity, and biotic similarity from sampling data},
  author={Gotelli, Nicholas J and Chao, Anne},
  year={2013},
  publisher={Elsevier}
}

@article{chao1992estimating,
  title={Estimating population size for capture-recapture data when capture probabilities vary by time and individual animal},
  author={Chao, Anne and Lee, SM and Jeng, SL},
  journal={Biometrics},
  pages={201--216},
  year={1992},
  publisher={JSTOR}
}

@book{ott2015introduction,
  title={An introduction to statistical methods and data analysis},
  author={Ott, R Lyman and Longnecker, Micheal T},
  year={2015},
  publisher={Cengage Learning}
}

@article{lee1994estimating,
  title={Estimating population size via sample coverage for closed capture-recapture models},
  author={Lee, Shen-Ming and Chao, Anne},
  journal={Biometrics},
  pages={88--97},
  year={1994},
  publisher={JSTOR}
}

@inproceedings{papadakis2013mutation,
author = {Papadakis, Mike and Le Traon, Yves},
title = {Mutation Testing Strategies Using Mutant Classification},
year = {2013},
isbn = {9781450316569},
publisher = {Association for Computing Machinery},
address = {New York, NY, USA},
url = {https://doi.org/10.1145/2480362.2480592},
doi = {10.1145/2480362.2480592},
booktitle = {Proceedings of the 28th Annual ACM Symposium on Applied Computing},
pages = {1223–1229},
numpages = {7},
keywords = {mutant classification, mutation testing, mutants' impact},
location = {Coimbra, Portugal},
series = {SAC '13}
}

@INPROCEEDINGS{peacock2021automatic, 
       	author={Peacock, Samuel and Deng, Lin and Dehlinger, Josh and Chakraborty, Suranjan},
      	booktitle={2021 IEEE International Conference on Software Testing, Verification and Validation Workshops (ICSTW)},
	title={Automatic Equivalent Mutants Classification Using Abstract Syntax Tree Neural Networks},   year={2021},  volume={},  number={},  pages={13-18},  doi={10.1109/ICSTW52544.2021.00016}
}

@article{naem2020a,
author = {Naeem, Muhammad Rashid and Lin, Tao and Naeem, Hamad and Liu, Hailu},
title = {A machine learning approach for classification of equivalent mutants},
journal = {Journal of Software: Evolution and Process},
volume = {32},
number = {5},
pages = {e2238},
keywords = {equivalent mutants, machine learning, mutation testing, program semantics, static analysis},
doi = {https://doi.org/10.1002/smr.2238},
url = {https://onlinelibrary.wiley.com/doi/abs/10.1002/smr.2238},
eprint = {https://onlinelibrary.wiley.com/doi/pdf/10.1002/smr.2238},
note = {e2238 smr.2238},
year = {2020}
}

